%aqui empiezan mis referencias 

@book{wasserman2004all,
  title={All of statistics: a concise course in statistical inference},
  author={Wasserman, Larry},
  volume={26},
  year={2004},
  publisher={Springer}
}

@book{l√ºtkepohl2007new,
  title={New Introduction to Multiple Time Series Analysis},
  author={L{\"u}tkepohl, H.},
  isbn={9783540262398},
  lccn={93028356},
  url={https://books.google.com.mx/books?id=muorJ6FHIiEC},
  year={2007},
  publisher={Springer Berlin Heidelberg}
}


@book{samuelson2005economics,
  title={Economics},
  author={Samuelson, P.A. and Nordhaus, W.D.},
  isbn={9780071239325},
  lccn={91037800},
  series={McGraw-Hill International editions: Economics},
  url={https://books.google.com.mx/books?id=AZhHPgAACAAJ},
  year={2005},
  publisher={McGraw-Hill}
}


@book{castellan1998fisicoquimica,
  title={Fisicoquimica},
  author={Castellan, G.W. and Bas{\'\i}n, M.E.C.},
  isbn={9789684443167},
  lccn={82074043},
  url={https://books.google.com.mx/books?id=LQ3yebCDwWEC},
  year={1998},
  publisher={Addison-Wesley Iberoamericana}
}


@book{pitman2012probability,
  title={Probability},
  author={Pitman, J.},
  isbn={9781461243748},
  lccn={92039051},
  series={Springer Texts in Statistics},
  url={https://books.google.com.mx/books?id=AoDkBwAAQBAJ},
  year={2012},
  publisher={Springer New York}
}


